@article{definition,
author = { K.   Jansson  and  R.   von Solms },
title = {Phishing for phishing awareness},
journal = {Behaviour \& Information Technology},
volume = {32},
number = {6},
pages = {584-593},
year  = {2013},
publisher = {Taylor \& Francis},
doi = {10.1080/0144929X.2011.632650},
%URL = { https://doi.org/10.1080/0144929X.2011.632650 },
eprint = { https://doi.org/10.1080/0144929X.2011.632650 }
}

